% Note:
% - Please include a DOI for all your references.
% - If a reference does not have a DOI, please provide a URL.
% - Try to avoid unreliable URLs that might disappear, such as private websites or third-party platforms (Researchgate, academia.edu, ...).
% - You can also find the .bib file of inspiration.pdf on Nestor.
% - Do not blindly copy BibTeX files from Google Scholar or publisher websites, but clean them up manually!
% - Ensure you use the correct entry type, not everything is an @article.




@inproceedings{west2009wikispeedia,
  title={Wikispeedia: An online game for inferring semantic distances between concepts},
  author={West, Robert and Pineau, Joelle and Precup, Doina},
  booktitle={Twenty-First International Joint Conference on Artificial Intelligence},
  year={2009}
}




